% Libro
@book{LowCost3DP,
	Author = {Enrique Canessa and Carlo Fonda and Marco Zennaro},
	Publisher = {The Abdus Salam International Centre for Theoretical Physics},
	Title = {Low-cost 3D Printing for Science, Education and Sustainable Development},
	Year = 2013
}
% Reporte tecnico o norma
@TechReport{AManufacturingRev,
    title = {3D Printing: A Manufacturing Revolution},
    year = {2015},
    author ={{A.T. Kearney}}
}
% Pagina o wiki
@misc{reprap,
   author = {RepRap-Wiki},
   title = "RepRap/es - RepRapWiki",
   year = "2016",
   url = "http://reprap.org/wiki/RepRap/es",
   note = "[Online; consultado el 4-09-2017]"
}
% Articulo
@article{Clavel,
	author = {L. Rey and R.Clavel},
	title = {The Delta Parallel Robot},
	institution = {Swiss Federal Institute of Technology},
	year = {1999},
}
% Tesis
@thesis{Vicente,
	author = {Vicente Trilles},
	title = {Diseño de una máquina impresora 3D de bajo coste para uso en el hogar o pequeños laboratorios},
	institution = {Universidad Jaime I},
	year = {2015}
}